<?xml version="1.0" encoding="UTF-8"?><collection xmlns="http://www.loc.gov/MARC21/slim"><record><leader>00625nam--2200205-u-4500</leader><controlfield tag="001">000055133</controlfield><controlfield tag="002">20161230</controlfield><controlfield tag="005">20161230201052</controlfield><controlfield tag="008">121106s1000------------r-----000-0-rus-d</controlfield><datafield ind1=" " ind2=" " tag="040"><subfield code="a">IFIN-HH</subfield></datafield><datafield ind1=" " ind2=" " tag="041"><subfield code="a">rus</subfield></datafield><datafield ind1=" " ind2=" " tag="080"><subfield code="a">538.951</subfield></datafield><datafield ind1="1" ind2=" " tag="100"><subfield code="a">Dieulesait, E</subfield></datafield><datafield ind1="1" ind2="0" tag="245"><subfield code="a">Uprugie volni v tverdih telah</subfield><subfield code="b">Primenenie slia obrabotki signalov</subfield><subfield code="c">E. dieulesait, d. royer</subfield></datafield><datafield ind1=" " ind2=" " tag="260"><subfield code="a">Moskva</subfield><subfield code="b">Nauka</subfield><subfield code="c">1982</subfield></datafield><datafield ind1=" " ind2=" " tag="300"><subfield code="a">424P</subfield></datafield><datafield ind1=" " ind2=" " tag="500"><subfield code="a">Titlul Original In Limba Franceza: Ondes Elastiques Dans Les Solides, Application Au Traitement Du Signal</subfield></datafield><datafield ind1="1" ind2=" " tag="700"><subfield code="a">Royer, D</subfield></datafield><datafield ind1=" " ind2=" " tag="852"><subfield code="a">70736</subfield><subfield code="c">539.2</subfield></datafield><datafield ind1=" " ind2=" " tag="CAT"><subfield code="a">Sys</subfield><subfield code="c">20121106</subfield><subfield code="h">150219</subfield></datafield></record></collection>